<?xml version="1.0" encoding="UTF-8"?>
<marc:collection xmlns="http://www.loc.gov/MARC21/slim" xmlns:marc="http://www.loc.gov/MARC21/slim" xmlns:xsi="http://www.w3.org/2001/XMLSchema-instance" xsi:schemaLocation="http://www.loc.gov/standards/marcxml/schema/MARC21slim.xsd">
  <record>
    <leader>00000npc a2200000 u 4500</leader>
    <datafield ind1=" " ind2=" " tag="040">
      <subfield code="a">DWP</subfield>
      <subfield code="c">DWP</subfield>
      <subfield code="e">dacs</subfield>
    </datafield>
    <datafield ind1="0" ind2="0" tag="245">
      <subfield code="a">Home Rule Oral History Project</subfield>
    </datafield>
    <datafield ind1=" " ind2="7" tag="650">
      <subfield code="a">Oral History</subfield>
      <subfield code="2">Library of Congress Subject Headings</subfield>
    </datafield>
    <datafield ind1=" " ind2=" " tag="300">
      <subfield code="a">1 Linear feet</subfield>
    </datafield>
    <datafield ind1="2" ind2=" " tag="520">
      <subfield code="a">A team created by the Washington Times (reporters Rupert Welch and Isaiah J. Poole) conducted a total of 18 oral history interviews as part of a five-part series dealing with home rule.  There are no transcripts for this project.</subfield>
    </datafield>
    <datafield ind1="1" ind2=" " tag="545">
      <subfield code="a">The Washington Times was founded in 1982 by News World Communications and is a daily newspaper that covers general interest topics with particular emphasis on local and national politics.</subfield>
    </datafield>
    <datafield ind1="1" ind2=" " tag="541">
      <subfield code="a">The Washington Times conducted these interviews in the mid 1980s and donated the tape recordings to the Library in 1985. There is no deed of gift for this collection.</subfield>
    </datafield>
    <datafield ind1=" " ind2=" " tag="500">
      <subfield code="a">Processing Information: After the initial donation to the Library, tapes were duplicated with use copies being placed a cabinet, while the originals were placed into off-site cold storage. In 2014, the tapes were digitized and in 2017 the collection was reprocessed. All administrative documents were placed into the control file.</subfield>
    </datafield>
    <datafield ind1=" " ind2=" " tag="540">
      <subfield code="a">The D.C. Public Library does not hold copyright. It is the responsibility of the researcher to obtain permission from the Washington Times to publish or exhibit information. Reproduction of oral Histories without release is not permitted.</subfield>
    </datafield>
  </record>
</marc:collection>

